
@article{Karimi2006English,
  title={English to Persian Transliteration},
  author={Karimi, Sarvnaz and Turpin, Andrew and Scholer, Falk},
  journal= {Proceedings of the 13th Symposium on String Processing and Information Retrieval (SPIREâ€™06)},
  volume={4209},
  pages={255-266},
  year={2006},
}

@inproceedings{karimi2007corpus,
  title={Corpus effects on the evaluation of automated transliteration systems},
  author={Karimi, Sarvnaz and Turpin, Andrew and Scholer, Falk},
  booktitle={ANNUAL MEETING-ASSOCIATION FOR COMPUTATIONAL LINGUISTICS},
  volume={45},
  number={1},
  pages={640},
  year={2007}
}

